% references for subgradient methods


@book{PyFi,
author ={Yves Hilpisch},
title={Python for Finance},
publisher={O'Reilly}
}
@book{HeFu,
author={Philip J.~Romero and Tucker Balch},
title={What Hedge Funds Really Do: An Introduction to Portfolio Management},
publisher={Business Expert Press}
}


@MISC{GeTechCourse,
  author = {Tucker Balch},
  title =  {Machine Learning for Trading},
  howpublished = {Udacity course},
  year = 2016
}
@misc{pp,
  author = {Balagangadhar Bathula},
  title = {{Price Plot: QuantFy}},
  howpublished = "\url{http://quantfy.herokuapp.com/price_plot}",
  year = {2017}, 
  note = "[Online]"
}
@misc{po,
  author = {Balagangadhar Bathula},
  title = {{Portfolio optimizer: QuantFy}},
  howpublished = "\url{http://quantfy.herokuapp.com/portfolio}",
  year = {2017}, 
  note = "[Online]"
}
@misc{qfy,
  author = {Balagangadhar Bathula},
  title = {{QuantFy}},
  howpublished = "\url{http://quantfy.herokuapp.com/}",
  year = {2017}, 
  note = "[Online]"
}                

@misc{sc,
  author = {Balagangadhar Bathula},
  title = {{Source code: QuantFy}},
  howpublished = "\url{https://github.com/beegeesquare/QuantFy}",
  year = {2017}, 
  note = "[Online]"
}                


